<?xml version="1.0" encoding="UTF-8"?><collection xmlns="http://www.loc.gov/MARC21/slim"><record><leader>00542nam--2200133-i-4500</leader><controlfield tag="001">000029197</controlfield><controlfield tag="002">20161230</controlfield><controlfield tag="005">20161230201037</controlfield><controlfield tag="008">060222s1000------------r-----000-0-eng-d</controlfield><datafield ind1=" " ind2=" " tag="080"><subfield code="a">621.785.6:669.17.018</subfield></datafield><datafield ind1=" " ind2=" " tag="100"><subfield code="a">Kubasta, Ing.Jos</subfield></datafield><datafield ind1=" " ind2=" " tag="245"><subfield code="a">Comportarea otelurilor speciale la calire.incercare de determinare numerica si valorificare tehnica a proprietatilor de calire ale otelurilor speciale moderne.(traducere din limba germana pentru uzul intreprinderilor)editia ii-a</subfield></datafield><datafield ind1=" " ind2=" " tag="260"><subfield code="a">Bucuresti, I.D.T. 206p. Cu Ilustr.+erata</subfield></datafield><datafield ind1=" " ind2=" " tag="852"><subfield code="a">2341</subfield></datafield></record></collection>